@misc{Xie,
	Author = {Si Xie},
	HowPublished = {PowerPoint from Harvard LPPC Seminar},
	Title = {Precision Timing for Future Collider Experiments},
	Month = {November},
	Year = {2015}}
    
@misc{Bilki,
	Author = {B Bilki},
	HowPublished = {IOP Publishing, Conference Series 587},
	Title = {CMS Forward Calorimeters Phase II Upgrade - 16th International Conference on Calorimetry in High Energy Physics},
	Year = {2015}}

@misc{Bornheim,
	Author = {Adi Bornheim},
	Title = {Personal Interview},
	Month = {19 January},
	Year = {2016}}

@misc{Callier,
	Author = {S Callier and F. Dulucq and C. de La Taille and G. Martin-Chassard and N. Sequin-Moreau},
	HowPublished = {Topical Workshop on Electronics for Particle Physics 2011},
	Title = {SKIROC2, front end chip designed to readout the Electromagnetic CALorimeter at the ILC},
	Month = {15 December},
	Year = {2011}}

@misc{MCP_tests,
	Author = {S. Los and C. Pena and F. Presutti and A. Ronzhin and M. Spiropulu and S. Xie},
	HowPublished = {Nuclear Instruments and Methods in Physics Research Section A: Accelerators, Spectrometers, Detectors and Associated Equipment. Volume 828, Pages 1-7},
	Title = {Direct tests of a pixelated microchannel plate as the active element of a shower maximum detector},
    Month = {21 August},
	Year = {2016}}
    
@misc{Silicon_timing,
	Author = {Artur Apresyan and G. Bolla and A. Bornheim and H. Kim and S. Los and C. Pena and E. Ramberg and A. Ronzhin and M. Spiropulu and S. Xie},
	HowPublished = {Nuclear Instruments and Methods in Physics Research Section A: Accelerators, Spectrometers, Detectors and Associated Equipment. Volume 825, Pages 62-68},
	Title = {Test beam studies of silicon timing for use in calorimetry},
    Month = {21 July},
	Year = {2016}}
    
@misc{Anderson,
	Author = {Dustin Anderson and Artur Apresyan and et.al.},
	HowPublished = {Caltech High Energy Physics twiki Timing Conference Talks and Papers},
	Title = {Studies Toward a Precision Timing Calorimeter for High Energy Physics Collider Experiments},
	Year = {2015}}

@misc{precision_timing,
	Author = {Dustin Anderson and Artur Apresyan and Adolf Bornheim and Javier Duarte and Cristian Pena and Anatoly Ronzhin and Maria Spiropulu and Jason Trevor and Si Xie},
	HowPublished = {IEEE Transactions on Nuclear Science, Vol. 63, No. 2},
	Title = {Precision Timing Calorimeter for High Energy Physics},
    Month = {2 April},
	Year = {2016}}  
    
@misc{LYSO,
	Author = {Dustin Anderson and Artur Apresyan and Adolf Bornheim and Javier Duarte and Cristian Pena and Anatoly Ronzhin and Maria Spiropulu and Jason Trevor and Si Xie},
	HowPublished = {Nuclear Instruments and Methods in Physics Research Section A: Accelerators, Spectrometers, Detectors and Associated Equipment. Volume 794, Pages 7-14},
	Title = {On timing properties of LYSO-based calorimeters},
    Month = {11 September},
	Year = {2015}}  
    
@misc{Mangu,
	Author = {Aashrita Mangu},
	HowPublished = {SURF Final Report, Summer 2014},
	Title = {Timing studies at the CMS Test Stand and Test Beam for the Upgraded CMS detector},
	Year = {2014}}
    
@book{Leo,
	Author = {William R. Leo},
	Publisher = {Springer-Verlag},
	Title = {Techniques for Nuclear and Particle Physics Experiments - A How To Approach},
	Year = {1987}}
    
@misc{Presutti,
	Author = {Federico Presutti},
	HowPublished = {SURF Proposal},
	Title = {Fast Calorimeter Detector Development},
	Year = {2014}}
    
@misc{Spiropulu,
	Author = {Maria Spiropulu},
	Title = {Personal Meeting},
	Month = {12 January},
	Year = {2016}}
    
@misc{Phase_II,
	Title = {Technical Proposal for the Phase-II Upgrade of the Compact Muon Solenoid},
    HowPublished = {CERN-LHCC-2015-10},
	Month = {1 June},
	Year = {2015}}   
    
@misc{ECal,
	Title = {Time Reconstruction and Performance of the CMS Electromagnetic Calorimeter},
    HowPublished = {The CMS Collaboration, CMS PAPER CFT-09-006},
    Month = {21 December},
    Year = {2009}}
    
@misc{GitHub,
	Title = {https://github.com/CaltechPrecisionTiming/t1065-jun-2016}}


